@misc{ DroneTypes,
author = {Andrew Chapman}, 
title = {Types of Drones: Multi-Rotor vs Fixed-Wing vs Single Rotor vs Hybrid VTOL}, 
year = "2016", 
howpublished= {\url{https://shop.holybro.com/pixhawk-4beta-launch_p1089.html}}
}
@misc{ PixHawkPrice, howpublished= {\url{https://shop.holybro.com/pixhawk-4beta-launch_p1089.html}} }

@misc{ PixHawkSpecs, howpublished= {\url{http://www.holybro.com/manual/Pixhawk4-DataSheet.pdf}} }

@misc{ HistoryPixHawk, author = "Lorenz Meier", title = "How I accidentally created the most used standards in the drone industry", howpublished= {\url{https://auterion.com/the-history-of-pixhawk/}} }

@misc{ BeagleBoneBluePrice, howpublished={\url{https://www.renaissancerobotics.com/BeagleboneBlue.html}} }

@misc{ BeagleBoneBlueSpecs, howpublished={\url{https://beagleboard.org/blue}} }

@misc{ IntelAero, howpublished= {\url{https://software.intel.com/en-us/aero/compute-board}} }

@misc{ LocateIII, howpublished= {\url{http://www.locateiii.com/}} }

@misc{ LOAS, howpublished= {\url{http://www.ecostats.com/web/LOAS}} }

@misc{ GoogleEarth, howpublished= {\url{https://www.google.com/earth/}} }

@misc{ GoogleEarthMappingSpreadsheet, howpublished={\url{https://www.google.com/earth/outreach/learn/mapping-from-a-google-spreadsheet/}} }

@misc{ArcGIS,howpublished={\url{https://www.esri.com/en-us/arcgis/mapping-visualization}} }