@article{1, 
Title = {FunCub QuadPlane (Pixhawk)}, 
publisher = "Dronecode", 
YEAR = 2018, 
howpublished={\url{https://docs.px4.io/en/frames_vtol/vtol_quadplane_fun_cub_vtol_pixhawk.html}}
} 

@article{2,  
Title = {New Mugin 2930mm H-Tail VTOL UAV Platform Frame Kit}, 
publisher = "FPModel", 
YEAR = 2016, 
howpublished={\url{https://www.fpvmodel.com/new-mugin-2930mm-h-tail-vtol-uav-platform-frame-kit_g1350.html}}
} 

@article{3,
Title = {TBS Caipiroshka (Pixracer)}, 
publisher = "Dronecode", 
YEAR = 2018, 
howpublished={\url{https://docs.px4.io/en/frames_vtol/vtol_tailsitter_caipiroshka_pixracer.html}}
} 

@article{4,
Title = {Batteries For UAV}, 
publisher = "Drones Are Fun", 
YEAR = 2015, 
howpublished={\url{http://dronesarefun.com/BatteriesForUAV.html}}
} 

@article{5,
author = "Jacob Jiranek" # "Josef Bajer",
Title = {Aeronautical VHF Data Link mode 2 receiver based on RTL-SDR}, 
publisher = "IEEExplore", 
YEAR = 2017, 
howpublished={\url{https://ieeexplore.ieee.org/document/7988836}}
} 

@article{6, 
author = "Andy Walls", 
Title = {Checking for VHF pulse with SDR and python}, 
publisher = "StackExchange", 
YEAR = 2018, 
howpublished={\url{https://dsp.stackexchange.com/questions/50103/checking-for-vhf-pulse-with-sdr-and-python}}
} 


@article{7, 
Title = {RTL-SDR Quick Start Guide}, 
publisher = "RTL-SDR.com", 
YEAR = 2016, 
howpublished={\url{https://www.rtl-sdr.com/rtl-sdr-quick-start-guide/}}
} 
