@misc{ Electron,
       title = "Electron",
       url = "https://electronjs.org/" },
       note = {Accessed: 2018-11-2}

@misc{ ConnectArduPilot,
       title = "Connect Mission Planner to AutoPilot",
       url = "http://ardupilot.org/plane/docs/common-connect-mission-planner-autopilot.html#setting-up-the-connection",
       note = {Accessed: 2018-11-2}},
       
@misc{ AmazonRadio,
       title = "2x RFD 900MHz Ultra Long Range Radio Telemetry Modem with FTDI \& Antenna APM PIX ",
       url = "https://www.amazon.com/900MHz-Ultra-Range-Telemetry-Antenna/dp/B017997YKS",
       note = {Accessed: 2018-11-2}},
      
@misc{ SatelliteDevices,
       title = "BGAN - Portable Broadband \& Phone",
       url = "http://www.groundcontrol.com/BGAN.htm",
       note = {Accessed: 2018-11-2}},
       
@misc{ LoRaTransmission,
       title = "end data at extreme long range using LoRa with Arduino, Raspberry Pi and Intel Galileo / Cooking Hacks Blog",
       url = "https://www.cooking-hacks.com/blog/send-data-at-extreme-long-range-using-lora-with-arduino-raspberry-pi-and-intel-galileo/",
       note = {Accessed: 2018-11-2}},
       
@misc{ PenguinPrebuilt,
       title = "UAV Factory â€“ Unmanned Platforms and Subsystems",
       url = "http://www.uavfactory.com/product/46",
       note = {Accessed: 2018-11-2}},
       
@misc{ TMotorUAV,
       title = "TMotor UAV Brushless Motor MS2814 770Kv",
       url = "https://www.robotshop.com/en/tmotor-uav-brushless-motor-ms2814-770kv.html",
       note = {Accessed: 2018-11-2}},
       
@misc{ RMRCAnaconda,
       title = "RMRC Anaconda - PNP",
       url = "https://www.readymaderc.com/products/details/rmrc-anaconda-pnp-with-installed-motor-esc-servos",
       note = {Accessed: 2018-11-2}}
       
@misc{ Skywalker,
       title = "Latest Version Skywalker Black X8 Flying Wing",
       url = "https://www.fpvmodel.com/latest-version-skywalker-black-x8-flying-wing_g632.html",
       note = {Accessed: 2018-11-2}}
       
       
       
       
       
       
       
      