@misc{ ProgrammingLanguages,
       title = "Historical trends in the usage of server-side programming languages for websites",
       url = "https://w3techs.com/technologies/history_overview/programming_language",
       note = {Accessed: 2018-11-1} };

@misc{ LiBatteries,
       title = "First Semisolid Lithium Batteries to Debut This Year, in Drones",
       url = "https://spectrum.ieee.org/energy/environment/first-semisolid-lithium-batteries-to-debut-this-year-in-drones",
       note = {Accessed: 2018-11-1}},

@misc{ HydrogenFuelCells,
       title = "THE END OF LIPO BATTERIES? HYDROGEN FUEL CELLS TAKE THE SPOTLIGHT AT AUVSI",
       url = "http://thedronegirl.com/2018/05/05/hydrogen-fuel-cells-drones/",
       note = {Accessed: 2018-11-1}},

@misc{ SolarPower,
       title = "HOW BIG CAN A SOLAR-POWERED DRONE BE?",
       url = "https://www.wired.com/story/how-big-can-a-solar-powered-drone-be/",
       note = {Accessed: 2018-11-1}},
